%YAML 1.1
%TAG !u! tag:unity3d.com,2011:
--- !u!1 &1758657396
GameObject:
  m_ObjectHideFlags: 0
  m_CorrespondingSourceObject: {fileID: 0}
  m_PrefabInstance: {fileID: 0}
  m_PrefabAsset: {fileID: 0}
  serializedVersion: 6
  m_Component:
  - component: {fileID: 1758657397}
  - component: {fileID: 1758657398}
  - component: {fileID: 1758657399}
  m_Layer: 0
  m_Name: PointEnd
  m_TagString: PointEnd
  m_Icon: {fileID: 0}
  m_NavMeshLayer: 0
  m_StaticEditorFlags: 0
  m_IsActive: 0
--- !u!4 &1758657397
Transform:
  m_ObjectHideFlags: 0
  m_CorrespondingSourceObject: {fileID: 0}
  m_PrefabInstance: {fileID: 0}
  m_PrefabAsset: {fileID: 0}
  m_GameObject: {fileID: 1758657396}
  m_LocalRotation: {x: 0, y: 0, z: 0, w: 1}
  m_LocalPosition: {x: 0, y: 1, z: 6.88}
  m_LocalScale: {x: 1, y: 1, z: 1}
  m_Children: []
  m_Father: {fileID: 9149175306892846074}
  m_RootOrder: 1
  m_LocalEulerAnglesHint: {x: 0, y: 0, z: 0}
--- !u!114 &1758657398
MonoBehaviour:
  m_ObjectHideFlags: 0
  m_CorrespondingSourceObject: {fileID: 0}
  m_PrefabInstance: {fileID: 0}
  m_PrefabAsset: {fileID: 0}
  m_GameObject: {fileID: 1758657396}
  m_Enabled: 1
  m_EditorHideFlags: 0
  m_Script: {fileID: 11500000, guid: 00552ec6c8c96594bb46894bdad7920b, type: 3}
  m_Name: 
  m_EditorClassIdentifier: 
--- !u!65 &1758657399
BoxCollider:
  m_ObjectHideFlags: 0
  m_CorrespondingSourceObject: {fileID: 0}
  m_PrefabInstance: {fileID: 0}
  m_PrefabAsset: {fileID: 0}
  m_GameObject: {fileID: 1758657396}
  m_Material: {fileID: 0}
  m_IsTrigger: 1
  m_Enabled: 1
  serializedVersion: 2
  m_Size: {x: 1, y: 1, z: 1}
  m_Center: {x: 0, y: 0, z: 0}
--- !u!1 &4730917821999734928
GameObject:
  m_ObjectHideFlags: 0
  m_CorrespondingSourceObject: {fileID: 0}
  m_PrefabInstance: {fileID: 0}
  m_PrefabAsset: {fileID: 0}
  serializedVersion: 6
  m_Component:
  - component: {fileID: 6857265471935918406}
  - component: {fileID: 8418866861621666724}
  - component: {fileID: 3047098014370182129}
  m_Layer: 0
  m_Name: Cube (1)
  m_TagString: Untagged
  m_Icon: {fileID: 0}
  m_NavMeshLayer: 0
  m_StaticEditorFlags: 4294967295
  m_IsActive: 1
--- !u!4 &6857265471935918406
Transform:
  m_ObjectHideFlags: 0
  m_CorrespondingSourceObject: {fileID: 0}
  m_PrefabInstance: {fileID: 0}
  m_PrefabAsset: {fileID: 0}
  m_GameObject: {fileID: 4730917821999734928}
  m_LocalRotation: {x: 0, y: 0, z: 0, w: 1}
  m_LocalPosition: {x: 1.5, y: 0.2, z: 0.65}
  m_LocalScale: {x: 0.15, y: 1, z: 15}
  m_Children: []
  m_Father: {fileID: 6689692145871667031}
  m_RootOrder: 1
  m_LocalEulerAnglesHint: {x: 0, y: 0, z: 0}
--- !u!33 &8418866861621666724
MeshFilter:
  m_ObjectHideFlags: 0
  m_CorrespondingSourceObject: {fileID: 0}
  m_PrefabInstance: {fileID: 0}
  m_PrefabAsset: {fileID: 0}
  m_GameObject: {fileID: 4730917821999734928}
  m_Mesh: {fileID: 10202, guid: 0000000000000000e000000000000000, type: 0}
--- !u!23 &3047098014370182129
MeshRenderer:
  m_ObjectHideFlags: 0
  m_CorrespondingSourceObject: {fileID: 0}
  m_PrefabInstance: {fileID: 0}
  m_PrefabAsset: {fileID: 0}
  m_GameObject: {fileID: 4730917821999734928}
  m_Enabled: 1
  m_CastShadows: 1
  m_ReceiveShadows: 1
  m_DynamicOccludee: 1
  m_MotionVectors: 1
  m_LightProbeUsage: 1
  m_ReflectionProbeUsage: 1
  m_RayTracingMode: 2
  m_RayTraceProcedural: 0
  m_RenderingLayerMask: 1
  m_RendererPriority: 0
  m_Materials:
  - {fileID: 2100000, guid: 00f215b56ffe3774aab169ed4fd513e7, type: 2}
  m_StaticBatchInfo:
    firstSubMesh: 0
    subMeshCount: 0
  m_StaticBatchRoot: {fileID: 0}
  m_ProbeAnchor: {fileID: 0}
  m_LightProbeVolumeOverride: {fileID: 0}
  m_ScaleInLightmap: 1
  m_ReceiveGI: 1
  m_PreserveUVs: 0
  m_IgnoreNormalsForChartDetection: 0
  m_ImportantGI: 0
  m_StitchLightmapSeams: 1
  m_SelectedEditorRenderState: 3
  m_MinimumChartSize: 4
  m_AutoUVMaxDistance: 0.5
  m_AutoUVMaxAngle: 89
  m_LightmapParameters: {fileID: 0}
  m_SortingLayerID: 0
  m_SortingLayer: 0
  m_SortingOrder: 0
  m_AdditionalVertexStreams: {fileID: 0}
--- !u!1 &6525745129590994780
GameObject:
  m_ObjectHideFlags: 0
  m_CorrespondingSourceObject: {fileID: 0}
  m_PrefabInstance: {fileID: 0}
  m_PrefabAsset: {fileID: 0}
  serializedVersion: 6
  m_Component:
  - component: {fileID: 5770852588351063329}
  - component: {fileID: 5283207439133400077}
  - component: {fileID: 9058665949162060853}
  m_Layer: 0
  m_Name: Cube
  m_TagString: Untagged
  m_Icon: {fileID: 0}
  m_NavMeshLayer: 0
  m_StaticEditorFlags: 4294967295
  m_IsActive: 1
--- !u!4 &5770852588351063329
Transform:
  m_ObjectHideFlags: 0
  m_CorrespondingSourceObject: {fileID: 0}
  m_PrefabInstance: {fileID: 0}
  m_PrefabAsset: {fileID: 0}
  m_GameObject: {fileID: 6525745129590994780}
  m_LocalRotation: {x: 0, y: 0, z: 0, w: 1}
  m_LocalPosition: {x: -1.5, y: 0.2, z: 0.65}
  m_LocalScale: {x: 0.15, y: 1, z: 15}
  m_Children: []
  m_Father: {fileID: 6689692145871667031}
  m_RootOrder: 0
  m_LocalEulerAnglesHint: {x: 0, y: 0, z: 0}
--- !u!33 &5283207439133400077
MeshFilter:
  m_ObjectHideFlags: 0
  m_CorrespondingSourceObject: {fileID: 0}
  m_PrefabInstance: {fileID: 0}
  m_PrefabAsset: {fileID: 0}
  m_GameObject: {fileID: 6525745129590994780}
  m_Mesh: {fileID: 10202, guid: 0000000000000000e000000000000000, type: 0}
--- !u!23 &9058665949162060853
MeshRenderer:
  m_ObjectHideFlags: 0
  m_CorrespondingSourceObject: {fileID: 0}
  m_PrefabInstance: {fileID: 0}
  m_PrefabAsset: {fileID: 0}
  m_GameObject: {fileID: 6525745129590994780}
  m_Enabled: 1
  m_CastShadows: 1
  m_ReceiveShadows: 1
  m_DynamicOccludee: 1
  m_MotionVectors: 1
  m_LightProbeUsage: 1
  m_ReflectionProbeUsage: 1
  m_RayTracingMode: 2
  m_RayTraceProcedural: 0
  m_RenderingLayerMask: 1
  m_RendererPriority: 0
  m_Materials:
  - {fileID: 2100000, guid: 00f215b56ffe3774aab169ed4fd513e7, type: 2}
  m_StaticBatchInfo:
    firstSubMesh: 0
    subMeshCount: 0
  m_StaticBatchRoot: {fileID: 0}
  m_ProbeAnchor: {fileID: 0}
  m_LightProbeVolumeOverride: {fileID: 0}
  m_ScaleInLightmap: 1
  m_ReceiveGI: 1
  m_PreserveUVs: 0
  m_IgnoreNormalsForChartDetection: 0
  m_ImportantGI: 0
  m_StitchLightmapSeams: 1
  m_SelectedEditorRenderState: 3
  m_MinimumChartSize: 4
  m_AutoUVMaxDistance: 0.5
  m_AutoUVMaxAngle: 89
  m_LightmapParameters: {fileID: 0}
  m_SortingLayerID: 0
  m_SortingLayer: 0
  m_SortingOrder: 0
  m_AdditionalVertexStreams: {fileID: 0}
--- !u!1 &7929799016432506318
GameObject:
  m_ObjectHideFlags: 0
  m_CorrespondingSourceObject: {fileID: 0}
  m_PrefabInstance: {fileID: 0}
  m_PrefabAsset: {fileID: 0}
  serializedVersion: 6
  m_Component:
  - component: {fileID: 6689692145871667031}
  m_Layer: 0
  m_Name: Limits
  m_TagString: Untagged
  m_Icon: {fileID: 0}
  m_NavMeshLayer: 0
  m_StaticEditorFlags: 4294967295
  m_IsActive: 1
--- !u!4 &6689692145871667031
Transform:
  m_ObjectHideFlags: 0
  m_CorrespondingSourceObject: {fileID: 0}
  m_PrefabInstance: {fileID: 0}
  m_PrefabAsset: {fileID: 0}
  m_GameObject: {fileID: 7929799016432506318}
  m_LocalRotation: {x: 0, y: 0, z: 0, w: 1}
  m_LocalPosition: {x: 0, y: 0, z: 0}
  m_LocalScale: {x: 1, y: 1, z: 1}
  m_Children:
  - {fileID: 5770852588351063329}
  - {fileID: 6857265471935918406}
  m_Father: {fileID: 9149175308133606717}
  m_RootOrder: 2
  m_LocalEulerAnglesHint: {x: 0, y: 0, z: 0}
--- !u!1 &9149175306663469505
GameObject:
  m_ObjectHideFlags: 0
  m_CorrespondingSourceObject: {fileID: 0}
  m_PrefabInstance: {fileID: 0}
  m_PrefabAsset: {fileID: 0}
  serializedVersion: 6
  m_Component:
  - component: {fileID: 9149175306663469504}
  m_Layer: 0
  m_Name: Plans
  m_TagString: Untagged
  m_Icon: {fileID: 0}
  m_NavMeshLayer: 0
  m_StaticEditorFlags: 0
  m_IsActive: 1
--- !u!4 &9149175306663469504
Transform:
  m_ObjectHideFlags: 0
  m_CorrespondingSourceObject: {fileID: 0}
  m_PrefabInstance: {fileID: 0}
  m_PrefabAsset: {fileID: 0}
  m_GameObject: {fileID: 9149175306663469505}
  m_LocalRotation: {x: -0, y: -0, z: -0, w: 1}
  m_LocalPosition: {x: 0, y: 0, z: -1}
  m_LocalScale: {x: 1, y: 1, z: 1}
  m_Children:
  - {fileID: 9149175306793403767}
  - {fileID: 444238379634529558}
  - {fileID: 444238378499015976}
  - {fileID: 444238379952850116}
  - {fileID: 444238378806458841}
  m_Father: {fileID: 9149175308133606717}
  m_RootOrder: 0
  m_LocalEulerAnglesHint: {x: 0, y: 0, z: 0}
--- !u!1 &9149175306892846075
GameObject:
  m_ObjectHideFlags: 0
  m_CorrespondingSourceObject: {fileID: 0}
  m_PrefabInstance: {fileID: 0}
  m_PrefabAsset: {fileID: 0}
  serializedVersion: 6
  m_Component:
  - component: {fileID: 9149175306892846074}
  m_Layer: 0
  m_Name: Obstacles
  m_TagString: Untagged
  m_Icon: {fileID: 0}
  m_NavMeshLayer: 0
  m_StaticEditorFlags: 0
  m_IsActive: 1
--- !u!4 &9149175306892846074
Transform:
  m_ObjectHideFlags: 0
  m_CorrespondingSourceObject: {fileID: 0}
  m_PrefabInstance: {fileID: 0}
  m_PrefabAsset: {fileID: 0}
  m_GameObject: {fileID: 9149175306892846075}
  m_LocalRotation: {x: -0, y: -0, z: -0, w: 1}
  m_LocalPosition: {x: 0, y: 0, z: 0}
  m_LocalScale: {x: 1, y: 1, z: 1}
  m_Children:
  - {fileID: 9149175307371115306}
  - {fileID: 1758657397}
  m_Father: {fileID: 9149175308133606717}
  m_RootOrder: 1
  m_LocalEulerAnglesHint: {x: 0, y: 0, z: 0}
--- !u!1 &9149175308133606706
GameObject:
  m_ObjectHideFlags: 0
  m_CorrespondingSourceObject: {fileID: 0}
  m_PrefabInstance: {fileID: 0}
  m_PrefabAsset: {fileID: 0}
  serializedVersion: 6
  m_Component:
  - component: {fileID: 9149175308133606717}
  - component: {fileID: 5078838005706977537}
  m_Layer: 0
  m_Name: Block 0
  m_TagString: Untagged
  m_Icon: {fileID: 0}
  m_NavMeshLayer: 0
  m_StaticEditorFlags: 0
  m_IsActive: 1
--- !u!4 &9149175308133606717
Transform:
  m_ObjectHideFlags: 0
  m_CorrespondingSourceObject: {fileID: 0}
  m_PrefabInstance: {fileID: 0}
  m_PrefabAsset: {fileID: 0}
  m_GameObject: {fileID: 9149175308133606706}
  m_LocalRotation: {x: 0, y: 0, z: 0, w: 1}
  m_LocalPosition: {x: 0, y: 0, z: 0}
  m_LocalScale: {x: 1, y: 1, z: 1}
  m_Children:
  - {fileID: 9149175306663469504}
  - {fileID: 9149175306892846074}
  - {fileID: 6689692145871667031}
  m_Father: {fileID: 0}
  m_RootOrder: 0
  m_LocalEulerAnglesHint: {x: 0, y: 0, z: 0}
--- !u!114 &5078838005706977537
MonoBehaviour:
  m_ObjectHideFlags: 0
  m_CorrespondingSourceObject: {fileID: 0}
  m_PrefabInstance: {fileID: 0}
  m_PrefabAsset: {fileID: 0}
  m_GameObject: {fileID: 9149175308133606706}
  m_Enabled: 1
  m_EditorHideFlags: 0
  m_Script: {fileID: 11500000, guid: 8391851d757f54447a80fa8d19ad067c, type: 3}
  m_Name: 
  m_EditorClassIdentifier: 
  m_obstacles: {fileID: 9149175306892846074}
  m_plans: {fileID: 9149175306663469504}
--- !u!1001 &444238378399111511
PrefabInstance:
  m_ObjectHideFlags: 0
  serializedVersion: 2
  m_Modification:
    m_TransformParent: {fileID: 9149175306663469504}
    m_Modifications:
    - target: {fileID: 8706062828301278240, guid: 001ba04ef9dee2b4bb306a7ec863d3cb, type: 3}
      propertyPath: m_RootOrder
      value: 0
      objectReference: {fileID: 0}
    - target: {fileID: 8706062828301278240, guid: 001ba04ef9dee2b4bb306a7ec863d3cb, type: 3}
      propertyPath: m_LocalScale.z
      value: 5.1153
      objectReference: {fileID: 0}
    - target: {fileID: 8706062828301278240, guid: 001ba04ef9dee2b4bb306a7ec863d3cb, type: 3}
      propertyPath: m_LocalPosition.x
      value: 0
      objectReference: {fileID: 0}
    - target: {fileID: 8706062828301278240, guid: 001ba04ef9dee2b4bb306a7ec863d3cb, type: 3}
      propertyPath: m_LocalPosition.y
      value: 0
      objectReference: {fileID: 0}
    - target: {fileID: 8706062828301278240, guid: 001ba04ef9dee2b4bb306a7ec863d3cb, type: 3}
      propertyPath: m_LocalPosition.z
      value: -5.3976
      objectReference: {fileID: 0}
    - target: {fileID: 8706062828301278240, guid: 001ba04ef9dee2b4bb306a7ec863d3cb, type: 3}
      propertyPath: m_LocalRotation.w
      value: 1
      objectReference: {fileID: 0}
    - target: {fileID: 8706062828301278240, guid: 001ba04ef9dee2b4bb306a7ec863d3cb, type: 3}
      propertyPath: m_LocalRotation.x
      value: -0
      objectReference: {fileID: 0}
    - target: {fileID: 8706062828301278240, guid: 001ba04ef9dee2b4bb306a7ec863d3cb, type: 3}
      propertyPath: m_LocalRotation.y
      value: -0
      objectReference: {fileID: 0}
    - target: {fileID: 8706062828301278240, guid: 001ba04ef9dee2b4bb306a7ec863d3cb, type: 3}
      propertyPath: m_LocalRotation.z
      value: -0
      objectReference: {fileID: 0}
    - target: {fileID: 8706062828301278240, guid: 001ba04ef9dee2b4bb306a7ec863d3cb, type: 3}
      propertyPath: m_LocalEulerAnglesHint.x
      value: 0
      objectReference: {fileID: 0}
    - target: {fileID: 8706062828301278240, guid: 001ba04ef9dee2b4bb306a7ec863d3cb, type: 3}
      propertyPath: m_LocalEulerAnglesHint.y
      value: 0
      objectReference: {fileID: 0}
    - target: {fileID: 8706062828301278240, guid: 001ba04ef9dee2b4bb306a7ec863d3cb, type: 3}
      propertyPath: m_LocalEulerAnglesHint.z
      value: 0
      objectReference: {fileID: 0}
    - target: {fileID: 8706062828301278243, guid: 001ba04ef9dee2b4bb306a7ec863d3cb, type: 3}
      propertyPath: m_Name
      value: Plan
      objectReference: {fileID: 0}
    m_RemovedComponents: []
  m_SourcePrefab: {fileID: 100100000, guid: 001ba04ef9dee2b4bb306a7ec863d3cb, type: 3}
--- !u!4 &9149175306793403767 stripped
Transform:
  m_CorrespondingSourceObject: {fileID: 8706062828301278240, guid: 001ba04ef9dee2b4bb306a7ec863d3cb, type: 3}
  m_PrefabInstance: {fileID: 444238378399111511}
  m_PrefabAsset: {fileID: 0}
--- !u!1001 &3200937986167219040
PrefabInstance:
  m_ObjectHideFlags: 0
  serializedVersion: 2
  m_Modification:
    m_TransformParent: {fileID: 9149175306892846074}
    m_Modifications:
    - target: {fileID: 5950489121287589962, guid: c8c047c183ff4184fb36eb9630289fc6, type: 3}
      propertyPath: m_RootOrder
      value: 0
      objectReference: {fileID: 0}
    - target: {fileID: 5950489121287589962, guid: c8c047c183ff4184fb36eb9630289fc6, type: 3}
      propertyPath: m_LocalPosition.x
      value: 0
      objectReference: {fileID: 0}
    - target: {fileID: 5950489121287589962, guid: c8c047c183ff4184fb36eb9630289fc6, type: 3}
      propertyPath: m_LocalPosition.y
      value: 0.5
      objectReference: {fileID: 0}
    - target: {fileID: 5950489121287589962, guid: c8c047c183ff4184fb36eb9630289fc6, type: 3}
      propertyPath: m_LocalPosition.z
      value: 5.8
      objectReference: {fileID: 0}
    - target: {fileID: 5950489121287589962, guid: c8c047c183ff4184fb36eb9630289fc6, type: 3}
      propertyPath: m_LocalRotation.w
      value: 0
      objectReference: {fileID: 0}
    - target: {fileID: 5950489121287589962, guid: c8c047c183ff4184fb36eb9630289fc6, type: 3}
      propertyPath: m_LocalRotation.x
      value: 0
      objectReference: {fileID: 0}
    - target: {fileID: 5950489121287589962, guid: c8c047c183ff4184fb36eb9630289fc6, type: 3}
      propertyPath: m_LocalRotation.y
      value: 1
      objectReference: {fileID: 0}
    - target: {fileID: 5950489121287589962, guid: c8c047c183ff4184fb36eb9630289fc6, type: 3}
      propertyPath: m_LocalRotation.z
      value: 0
      objectReference: {fileID: 0}
    - target: {fileID: 5950489121287589962, guid: c8c047c183ff4184fb36eb9630289fc6, type: 3}
      propertyPath: m_LocalEulerAnglesHint.x
      value: 0
      objectReference: {fileID: 0}
    - target: {fileID: 5950489121287589962, guid: c8c047c183ff4184fb36eb9630289fc6, type: 3}
      propertyPath: m_LocalEulerAnglesHint.y
      value: 180
      objectReference: {fileID: 0}
    - target: {fileID: 5950489121287589962, guid: c8c047c183ff4184fb36eb9630289fc6, type: 3}
      propertyPath: m_LocalEulerAnglesHint.z
      value: 0
      objectReference: {fileID: 0}
    - target: {fileID: 5950489121287589963, guid: c8c047c183ff4184fb36eb9630289fc6, type: 3}
      propertyPath: m_Name
      value: Enemy
      objectReference: {fileID: 0}
    - target: {fileID: 5950489121287589963, guid: c8c047c183ff4184fb36eb9630289fc6, type: 3}
      propertyPath: m_IsActive
      value: 1
      objectReference: {fileID: 0}
    m_RemovedComponents: []
  m_SourcePrefab: {fileID: 100100000, guid: c8c047c183ff4184fb36eb9630289fc6, type: 3}
--- !u!4 &9149175307371115306 stripped
Transform:
  m_CorrespondingSourceObject: {fileID: 5950489121287589962, guid: c8c047c183ff4184fb36eb9630289fc6, type: 3}
  m_PrefabInstance: {fileID: 3200937986167219040}
  m_PrefabAsset: {fileID: 0}
--- !u!1001 &9149175306893318408
PrefabInstance:
  m_ObjectHideFlags: 0
  serializedVersion: 2
  m_Modification:
    m_TransformParent: {fileID: 9149175306663469504}
    m_Modifications:
    - target: {fileID: 8706062828301278240, guid: 001ba04ef9dee2b4bb306a7ec863d3cb, type: 3}
      propertyPath: m_RootOrder
      value: 2
      objectReference: {fileID: 0}
    - target: {fileID: 8706062828301278240, guid: 001ba04ef9dee2b4bb306a7ec863d3cb, type: 3}
      propertyPath: m_LocalPosition.x
      value: 0
      objectReference: {fileID: 0}
    - target: {fileID: 8706062828301278240, guid: 001ba04ef9dee2b4bb306a7ec863d3cb, type: 3}
      propertyPath: m_LocalPosition.y
      value: 0
      objectReference: {fileID: 0}
    - target: {fileID: 8706062828301278240, guid: 001ba04ef9dee2b4bb306a7ec863d3cb, type: 3}
      propertyPath: m_LocalPosition.z
      value: 1.6599998
      objectReference: {fileID: 0}
    - target: {fileID: 8706062828301278240, guid: 001ba04ef9dee2b4bb306a7ec863d3cb, type: 3}
      propertyPath: m_LocalRotation.w
      value: 1
      objectReference: {fileID: 0}
    - target: {fileID: 8706062828301278240, guid: 001ba04ef9dee2b4bb306a7ec863d3cb, type: 3}
      propertyPath: m_LocalRotation.x
      value: -0
      objectReference: {fileID: 0}
    - target: {fileID: 8706062828301278240, guid: 001ba04ef9dee2b4bb306a7ec863d3cb, type: 3}
      propertyPath: m_LocalRotation.y
      value: -0
      objectReference: {fileID: 0}
    - target: {fileID: 8706062828301278240, guid: 001ba04ef9dee2b4bb306a7ec863d3cb, type: 3}
      propertyPath: m_LocalRotation.z
      value: -0
      objectReference: {fileID: 0}
    - target: {fileID: 8706062828301278240, guid: 001ba04ef9dee2b4bb306a7ec863d3cb, type: 3}
      propertyPath: m_LocalEulerAnglesHint.x
      value: 0
      objectReference: {fileID: 0}
    - target: {fileID: 8706062828301278240, guid: 001ba04ef9dee2b4bb306a7ec863d3cb, type: 3}
      propertyPath: m_LocalEulerAnglesHint.y
      value: 0
      objectReference: {fileID: 0}
    - target: {fileID: 8706062828301278240, guid: 001ba04ef9dee2b4bb306a7ec863d3cb, type: 3}
      propertyPath: m_LocalEulerAnglesHint.z
      value: 0
      objectReference: {fileID: 0}
    - target: {fileID: 8706062828301278243, guid: 001ba04ef9dee2b4bb306a7ec863d3cb, type: 3}
      propertyPath: m_Name
      value: Plan (2)
      objectReference: {fileID: 0}
    - target: {fileID: 8706062828301278243, guid: 001ba04ef9dee2b4bb306a7ec863d3cb, type: 3}
      propertyPath: m_IsActive
      value: 1
      objectReference: {fileID: 0}
    m_RemovedComponents: []
  m_SourcePrefab: {fileID: 100100000, guid: 001ba04ef9dee2b4bb306a7ec863d3cb, type: 3}
--- !u!4 &444238378499015976 stripped
Transform:
  m_CorrespondingSourceObject: {fileID: 8706062828301278240, guid: 001ba04ef9dee2b4bb306a7ec863d3cb, type: 3}
  m_PrefabInstance: {fileID: 9149175306893318408}
  m_PrefabAsset: {fileID: 0}
--- !u!1001 &9149175307200882169
PrefabInstance:
  m_ObjectHideFlags: 0
  serializedVersion: 2
  m_Modification:
    m_TransformParent: {fileID: 9149175306663469504}
    m_Modifications:
    - target: {fileID: 8706062828301278240, guid: 001ba04ef9dee2b4bb306a7ec863d3cb, type: 3}
      propertyPath: m_RootOrder
      value: 4
      objectReference: {fileID: 0}
    - target: {fileID: 8706062828301278240, guid: 001ba04ef9dee2b4bb306a7ec863d3cb, type: 3}
      propertyPath: m_LocalPosition.x
      value: 0
      objectReference: {fileID: 0}
    - target: {fileID: 8706062828301278240, guid: 001ba04ef9dee2b4bb306a7ec863d3cb, type: 3}
      propertyPath: m_LocalPosition.y
      value: 0
      objectReference: {fileID: 0}
    - target: {fileID: 8706062828301278240, guid: 001ba04ef9dee2b4bb306a7ec863d3cb, type: 3}
      propertyPath: m_LocalPosition.z
      value: 7.66
      objectReference: {fileID: 0}
    - target: {fileID: 8706062828301278240, guid: 001ba04ef9dee2b4bb306a7ec863d3cb, type: 3}
      propertyPath: m_LocalRotation.w
      value: 1
      objectReference: {fileID: 0}
    - target: {fileID: 8706062828301278240, guid: 001ba04ef9dee2b4bb306a7ec863d3cb, type: 3}
      propertyPath: m_LocalRotation.x
      value: -0
      objectReference: {fileID: 0}
    - target: {fileID: 8706062828301278240, guid: 001ba04ef9dee2b4bb306a7ec863d3cb, type: 3}
      propertyPath: m_LocalRotation.y
      value: -0
      objectReference: {fileID: 0}
    - target: {fileID: 8706062828301278240, guid: 001ba04ef9dee2b4bb306a7ec863d3cb, type: 3}
      propertyPath: m_LocalRotation.z
      value: -0
      objectReference: {fileID: 0}
    - target: {fileID: 8706062828301278240, guid: 001ba04ef9dee2b4bb306a7ec863d3cb, type: 3}
      propertyPath: m_LocalEulerAnglesHint.x
      value: 0
      objectReference: {fileID: 0}
    - target: {fileID: 8706062828301278240, guid: 001ba04ef9dee2b4bb306a7ec863d3cb, type: 3}
      propertyPath: m_LocalEulerAnglesHint.y
      value: 0
      objectReference: {fileID: 0}
    - target: {fileID: 8706062828301278240, guid: 001ba04ef9dee2b4bb306a7ec863d3cb, type: 3}
      propertyPath: m_LocalEulerAnglesHint.z
      value: 0
      objectReference: {fileID: 0}
    - target: {fileID: 8706062828301278243, guid: 001ba04ef9dee2b4bb306a7ec863d3cb, type: 3}
      propertyPath: m_Name
      value: Plan (4)
      objectReference: {fileID: 0}
    - target: {fileID: 8706062828301278243, guid: 001ba04ef9dee2b4bb306a7ec863d3cb, type: 3}
      propertyPath: m_IsActive
      value: 1
      objectReference: {fileID: 0}
    m_RemovedComponents: []
  m_SourcePrefab: {fileID: 100100000, guid: 001ba04ef9dee2b4bb306a7ec863d3cb, type: 3}
--- !u!4 &444238378806458841 stripped
Transform:
  m_CorrespondingSourceObject: {fileID: 8706062828301278240, guid: 001ba04ef9dee2b4bb306a7ec863d3cb, type: 3}
  m_PrefabInstance: {fileID: 9149175307200882169}
  m_PrefabAsset: {fileID: 0}
--- !u!1001 &9149175307991206198
PrefabInstance:
  m_ObjectHideFlags: 0
  serializedVersion: 2
  m_Modification:
    m_TransformParent: {fileID: 9149175306663469504}
    m_Modifications:
    - target: {fileID: 8706062828301278240, guid: 001ba04ef9dee2b4bb306a7ec863d3cb, type: 3}
      propertyPath: m_RootOrder
      value: 1
      objectReference: {fileID: 0}
    - target: {fileID: 8706062828301278240, guid: 001ba04ef9dee2b4bb306a7ec863d3cb, type: 3}
      propertyPath: m_LocalPosition.x
      value: 0
      objectReference: {fileID: 0}
    - target: {fileID: 8706062828301278240, guid: 001ba04ef9dee2b4bb306a7ec863d3cb, type: 3}
      propertyPath: m_LocalPosition.y
      value: 0
      objectReference: {fileID: 0}
    - target: {fileID: 8706062828301278240, guid: 001ba04ef9dee2b4bb306a7ec863d3cb, type: 3}
      propertyPath: m_LocalPosition.z
      value: -1.3400002
      objectReference: {fileID: 0}
    - target: {fileID: 8706062828301278240, guid: 001ba04ef9dee2b4bb306a7ec863d3cb, type: 3}
      propertyPath: m_LocalRotation.w
      value: 1
      objectReference: {fileID: 0}
    - target: {fileID: 8706062828301278240, guid: 001ba04ef9dee2b4bb306a7ec863d3cb, type: 3}
      propertyPath: m_LocalRotation.x
      value: -0
      objectReference: {fileID: 0}
    - target: {fileID: 8706062828301278240, guid: 001ba04ef9dee2b4bb306a7ec863d3cb, type: 3}
      propertyPath: m_LocalRotation.y
      value: -0
      objectReference: {fileID: 0}
    - target: {fileID: 8706062828301278240, guid: 001ba04ef9dee2b4bb306a7ec863d3cb, type: 3}
      propertyPath: m_LocalRotation.z
      value: -0
      objectReference: {fileID: 0}
    - target: {fileID: 8706062828301278240, guid: 001ba04ef9dee2b4bb306a7ec863d3cb, type: 3}
      propertyPath: m_LocalEulerAnglesHint.x
      value: 0
      objectReference: {fileID: 0}
    - target: {fileID: 8706062828301278240, guid: 001ba04ef9dee2b4bb306a7ec863d3cb, type: 3}
      propertyPath: m_LocalEulerAnglesHint.y
      value: 0
      objectReference: {fileID: 0}
    - target: {fileID: 8706062828301278240, guid: 001ba04ef9dee2b4bb306a7ec863d3cb, type: 3}
      propertyPath: m_LocalEulerAnglesHint.z
      value: 0
      objectReference: {fileID: 0}
    - target: {fileID: 8706062828301278243, guid: 001ba04ef9dee2b4bb306a7ec863d3cb, type: 3}
      propertyPath: m_Name
      value: Plan (1)
      objectReference: {fileID: 0}
    - target: {fileID: 8706062828301278243, guid: 001ba04ef9dee2b4bb306a7ec863d3cb, type: 3}
      propertyPath: m_IsActive
      value: 1
      objectReference: {fileID: 0}
    m_RemovedComponents: []
  m_SourcePrefab: {fileID: 100100000, guid: 001ba04ef9dee2b4bb306a7ec863d3cb, type: 3}
--- !u!4 &444238379634529558 stripped
Transform:
  m_CorrespondingSourceObject: {fileID: 8706062828301278240, guid: 001ba04ef9dee2b4bb306a7ec863d3cb, type: 3}
  m_PrefabInstance: {fileID: 9149175307991206198}
  m_PrefabAsset: {fileID: 0}
--- !u!1001 &9149175308342925540
PrefabInstance:
  m_ObjectHideFlags: 0
  serializedVersion: 2
  m_Modification:
    m_TransformParent: {fileID: 9149175306663469504}
    m_Modifications:
    - target: {fileID: 8706062828301278240, guid: 001ba04ef9dee2b4bb306a7ec863d3cb, type: 3}
      propertyPath: m_RootOrder
      value: 3
      objectReference: {fileID: 0}
    - target: {fileID: 8706062828301278240, guid: 001ba04ef9dee2b4bb306a7ec863d3cb, type: 3}
      propertyPath: m_LocalPosition.x
      value: 0
      objectReference: {fileID: 0}
    - target: {fileID: 8706062828301278240, guid: 001ba04ef9dee2b4bb306a7ec863d3cb, type: 3}
      propertyPath: m_LocalPosition.y
      value: 0
      objectReference: {fileID: 0}
    - target: {fileID: 8706062828301278240, guid: 001ba04ef9dee2b4bb306a7ec863d3cb, type: 3}
      propertyPath: m_LocalPosition.z
      value: 4.66
      objectReference: {fileID: 0}
    - target: {fileID: 8706062828301278240, guid: 001ba04ef9dee2b4bb306a7ec863d3cb, type: 3}
      propertyPath: m_LocalRotation.w
      value: 1
      objectReference: {fileID: 0}
    - target: {fileID: 8706062828301278240, guid: 001ba04ef9dee2b4bb306a7ec863d3cb, type: 3}
      propertyPath: m_LocalRotation.x
      value: -0
      objectReference: {fileID: 0}
    - target: {fileID: 8706062828301278240, guid: 001ba04ef9dee2b4bb306a7ec863d3cb, type: 3}
      propertyPath: m_LocalRotation.y
      value: -0
      objectReference: {fileID: 0}
    - target: {fileID: 8706062828301278240, guid: 001ba04ef9dee2b4bb306a7ec863d3cb, type: 3}
      propertyPath: m_LocalRotation.z
      value: -0
      objectReference: {fileID: 0}
    - target: {fileID: 8706062828301278240, guid: 001ba04ef9dee2b4bb306a7ec863d3cb, type: 3}
      propertyPath: m_LocalEulerAnglesHint.x
      value: 0
      objectReference: {fileID: 0}
    - target: {fileID: 8706062828301278240, guid: 001ba04ef9dee2b4bb306a7ec863d3cb, type: 3}
      propertyPath: m_LocalEulerAnglesHint.y
      value: 0
      objectReference: {fileID: 0}
    - target: {fileID: 8706062828301278240, guid: 001ba04ef9dee2b4bb306a7ec863d3cb, type: 3}
      propertyPath: m_LocalEulerAnglesHint.z
      value: 0
      objectReference: {fileID: 0}
    - target: {fileID: 8706062828301278243, guid: 001ba04ef9dee2b4bb306a7ec863d3cb, type: 3}
      propertyPath: m_Name
      value: Plan (3)
      objectReference: {fileID: 0}
    - target: {fileID: 8706062828301278243, guid: 001ba04ef9dee2b4bb306a7ec863d3cb, type: 3}
      propertyPath: m_IsActive
      value: 1
      objectReference: {fileID: 0}
    m_RemovedComponents: []
  m_SourcePrefab: {fileID: 100100000, guid: 001ba04ef9dee2b4bb306a7ec863d3cb, type: 3}
--- !u!4 &444238379952850116 stripped
Transform:
  m_CorrespondingSourceObject: {fileID: 8706062828301278240, guid: 001ba04ef9dee2b4bb306a7ec863d3cb, type: 3}
  m_PrefabInstance: {fileID: 9149175308342925540}
  m_PrefabAsset: {fileID: 0}
