%YAML 1.1
%TAG !u! tag:unity3d.com,2011:
--- !u!1 &423656145314675024
GameObject:
  m_ObjectHideFlags: 0
  m_CorrespondingSourceObject: {fileID: 0}
  m_PrefabInstance: {fileID: 0}
  m_PrefabAsset: {fileID: 0}
  serializedVersion: 6
  m_Component:
  - component: {fileID: 423656145314675039}
  - component: {fileID: -5537250839386532392}
  m_Layer: 0
  m_Name: Block 2
  m_TagString: Untagged
  m_Icon: {fileID: 0}
  m_NavMeshLayer: 0
  m_StaticEditorFlags: 0
  m_IsActive: 1
--- !u!4 &423656145314675039
Transform:
  m_ObjectHideFlags: 0
  m_CorrespondingSourceObject: {fileID: 0}
  m_PrefabInstance: {fileID: 0}
  m_PrefabAsset: {fileID: 0}
  m_GameObject: {fileID: 423656145314675024}
  m_LocalRotation: {x: 0, y: 0, z: 0, w: 1}
  m_LocalPosition: {x: 0, y: 0, z: 0}
  m_LocalScale: {x: 1, y: 1, z: 1}
  m_Children:
  - {fileID: 423656147053182370}
  - {fileID: 423656147429359512}
  - {fileID: 6936040086073717099}
  m_Father: {fileID: 0}
  m_RootOrder: 0
  m_LocalEulerAnglesHint: {x: 0, y: 0, z: 0}
--- !u!114 &-5537250839386532392
MonoBehaviour:
  m_ObjectHideFlags: 0
  m_CorrespondingSourceObject: {fileID: 0}
  m_PrefabInstance: {fileID: 0}
  m_PrefabAsset: {fileID: 0}
  m_GameObject: {fileID: 423656145314675024}
  m_Enabled: 1
  m_EditorHideFlags: 0
  m_Script: {fileID: 11500000, guid: 8391851d757f54447a80fa8d19ad067c, type: 3}
  m_Name: 
  m_EditorClassIdentifier: 
  m_obstacles: {fileID: 423656147429359512}
  m_plans: {fileID: 423656147053182370}
--- !u!1 &423656147053182371
GameObject:
  m_ObjectHideFlags: 0
  m_CorrespondingSourceObject: {fileID: 0}
  m_PrefabInstance: {fileID: 0}
  m_PrefabAsset: {fileID: 0}
  serializedVersion: 6
  m_Component:
  - component: {fileID: 423656147053182370}
  m_Layer: 0
  m_Name: Plans
  m_TagString: Untagged
  m_Icon: {fileID: 0}
  m_NavMeshLayer: 0
  m_StaticEditorFlags: 0
  m_IsActive: 1
--- !u!4 &423656147053182370
Transform:
  m_ObjectHideFlags: 0
  m_CorrespondingSourceObject: {fileID: 0}
  m_PrefabInstance: {fileID: 0}
  m_PrefabAsset: {fileID: 0}
  m_GameObject: {fileID: 423656147053182371}
  m_LocalRotation: {x: -0, y: -0, z: -0, w: 1}
  m_LocalPosition: {x: 0, y: 0, z: -1}
  m_LocalScale: {x: 1, y: 1, z: 1}
  m_Children:
  - {fileID: 423656147191470357}
  - {fileID: 9021562180382116212}
  - {fileID: 9021562181568158026}
  - {fileID: 9021562179796539558}
  - {fileID: 9021562180657145275}
  m_Father: {fileID: 423656145314675039}
  m_RootOrder: 0
  m_LocalEulerAnglesHint: {x: 0, y: 0, z: 0}
--- !u!1 &423656147429359513
GameObject:
  m_ObjectHideFlags: 0
  m_CorrespondingSourceObject: {fileID: 0}
  m_PrefabInstance: {fileID: 0}
  m_PrefabAsset: {fileID: 0}
  serializedVersion: 6
  m_Component:
  - component: {fileID: 423656147429359512}
  m_Layer: 0
  m_Name: Obstacles
  m_TagString: Untagged
  m_Icon: {fileID: 0}
  m_NavMeshLayer: 0
  m_StaticEditorFlags: 0
  m_IsActive: 1
--- !u!4 &423656147429359512
Transform:
  m_ObjectHideFlags: 0
  m_CorrespondingSourceObject: {fileID: 0}
  m_PrefabInstance: {fileID: 0}
  m_PrefabAsset: {fileID: 0}
  m_GameObject: {fileID: 423656147429359513}
  m_LocalRotation: {x: -0, y: -0, z: -0, w: 1}
  m_LocalPosition: {x: 0, y: 0, z: 0}
  m_LocalScale: {x: 1, y: 1, z: 1}
  m_Children:
  - {fileID: 423656146697531208}
  - {fileID: 6302017269815590922}
  - {fileID: 6302017269441171964}
  - {fileID: 6302017270138554254}
  - {fileID: 6302017268974312254}
  - {fileID: 6302017269524132588}
  - {fileID: 6302017270529861906}
  - {fileID: 6302017269723690525}
  - {fileID: 6302017270181116391}
  m_Father: {fileID: 423656145314675039}
  m_RootOrder: 1
  m_LocalEulerAnglesHint: {x: 0, y: 0, z: 0}
--- !u!1 &1392403642079081906
GameObject:
  m_ObjectHideFlags: 0
  m_CorrespondingSourceObject: {fileID: 0}
  m_PrefabInstance: {fileID: 0}
  m_PrefabAsset: {fileID: 0}
  serializedVersion: 6
  m_Component:
  - component: {fileID: 6936040086073717099}
  m_Layer: 0
  m_Name: Limits
  m_TagString: Untagged
  m_Icon: {fileID: 0}
  m_NavMeshLayer: 0
  m_StaticEditorFlags: 4294967295
  m_IsActive: 1
--- !u!4 &6936040086073717099
Transform:
  m_ObjectHideFlags: 0
  m_CorrespondingSourceObject: {fileID: 0}
  m_PrefabInstance: {fileID: 0}
  m_PrefabAsset: {fileID: 0}
  m_GameObject: {fileID: 1392403642079081906}
  m_LocalRotation: {x: -0, y: -0, z: -0, w: 1}
  m_LocalPosition: {x: 0, y: 0, z: 0}
  m_LocalScale: {x: 1, y: 1, z: 1}
  m_Children:
  - {fileID: 5797922848555794192}
  - {fileID: 19293113984550340}
  m_Father: {fileID: 423656145314675039}
  m_RootOrder: 2
  m_LocalEulerAnglesHint: {x: 0, y: 0, z: 0}
--- !u!1 &2585388556671548442
GameObject:
  m_ObjectHideFlags: 0
  m_CorrespondingSourceObject: {fileID: 0}
  m_PrefabInstance: {fileID: 0}
  m_PrefabAsset: {fileID: 0}
  serializedVersion: 6
  m_Component:
  - component: {fileID: 5797922848555794192}
  - component: {fileID: 408577855565469542}
  - component: {fileID: 8819805932226080743}
  m_Layer: 0
  m_Name: Cube
  m_TagString: Untagged
  m_Icon: {fileID: 0}
  m_NavMeshLayer: 0
  m_StaticEditorFlags: 4294967295
  m_IsActive: 1
--- !u!4 &5797922848555794192
Transform:
  m_ObjectHideFlags: 0
  m_CorrespondingSourceObject: {fileID: 0}
  m_PrefabInstance: {fileID: 0}
  m_PrefabAsset: {fileID: 0}
  m_GameObject: {fileID: 2585388556671548442}
  m_LocalRotation: {x: 0, y: 0, z: 0, w: 1}
  m_LocalPosition: {x: -1.5, y: 0.2, z: 0.65}
  m_LocalScale: {x: 0.15, y: 1, z: 15}
  m_Children: []
  m_Father: {fileID: 6936040086073717099}
  m_RootOrder: 0
  m_LocalEulerAnglesHint: {x: 0, y: 0, z: 0}
--- !u!33 &408577855565469542
MeshFilter:
  m_ObjectHideFlags: 0
  m_CorrespondingSourceObject: {fileID: 0}
  m_PrefabInstance: {fileID: 0}
  m_PrefabAsset: {fileID: 0}
  m_GameObject: {fileID: 2585388556671548442}
  m_Mesh: {fileID: 10202, guid: 0000000000000000e000000000000000, type: 0}
--- !u!23 &8819805932226080743
MeshRenderer:
  m_ObjectHideFlags: 0
  m_CorrespondingSourceObject: {fileID: 0}
  m_PrefabInstance: {fileID: 0}
  m_PrefabAsset: {fileID: 0}
  m_GameObject: {fileID: 2585388556671548442}
  m_Enabled: 1
  m_CastShadows: 1
  m_ReceiveShadows: 1
  m_DynamicOccludee: 1
  m_MotionVectors: 1
  m_LightProbeUsage: 1
  m_ReflectionProbeUsage: 1
  m_RayTracingMode: 2
  m_RayTraceProcedural: 0
  m_RenderingLayerMask: 1
  m_RendererPriority: 0
  m_Materials:
  - {fileID: 2100000, guid: 00f215b56ffe3774aab169ed4fd513e7, type: 2}
  m_StaticBatchInfo:
    firstSubMesh: 0
    subMeshCount: 0
  m_StaticBatchRoot: {fileID: 0}
  m_ProbeAnchor: {fileID: 0}
  m_LightProbeVolumeOverride: {fileID: 0}
  m_ScaleInLightmap: 1
  m_ReceiveGI: 1
  m_PreserveUVs: 0
  m_IgnoreNormalsForChartDetection: 0
  m_ImportantGI: 0
  m_StitchLightmapSeams: 1
  m_SelectedEditorRenderState: 3
  m_MinimumChartSize: 4
  m_AutoUVMaxDistance: 0.5
  m_AutoUVMaxAngle: 89
  m_LightmapParameters: {fileID: 0}
  m_SortingLayerID: 0
  m_SortingLayer: 0
  m_SortingOrder: 0
  m_AdditionalVertexStreams: {fileID: 0}
--- !u!1 &4845481099861626181
GameObject:
  m_ObjectHideFlags: 0
  m_CorrespondingSourceObject: {fileID: 0}
  m_PrefabInstance: {fileID: 0}
  m_PrefabAsset: {fileID: 0}
  serializedVersion: 6
  m_Component:
  - component: {fileID: 19293113984550340}
  - component: {fileID: 1331771989999564222}
  - component: {fileID: 363199611883551327}
  m_Layer: 0
  m_Name: Cube (1)
  m_TagString: Untagged
  m_Icon: {fileID: 0}
  m_NavMeshLayer: 0
  m_StaticEditorFlags: 4294967295
  m_IsActive: 1
--- !u!4 &19293113984550340
Transform:
  m_ObjectHideFlags: 0
  m_CorrespondingSourceObject: {fileID: 0}
  m_PrefabInstance: {fileID: 0}
  m_PrefabAsset: {fileID: 0}
  m_GameObject: {fileID: 4845481099861626181}
  m_LocalRotation: {x: 0, y: 0, z: 0, w: 1}
  m_LocalPosition: {x: 1.5, y: 0.2, z: 0.65}
  m_LocalScale: {x: 0.15, y: 1, z: 15}
  m_Children: []
  m_Father: {fileID: 6936040086073717099}
  m_RootOrder: 1
  m_LocalEulerAnglesHint: {x: 0, y: 0, z: 0}
--- !u!33 &1331771989999564222
MeshFilter:
  m_ObjectHideFlags: 0
  m_CorrespondingSourceObject: {fileID: 0}
  m_PrefabInstance: {fileID: 0}
  m_PrefabAsset: {fileID: 0}
  m_GameObject: {fileID: 4845481099861626181}
  m_Mesh: {fileID: 10202, guid: 0000000000000000e000000000000000, type: 0}
--- !u!23 &363199611883551327
MeshRenderer:
  m_ObjectHideFlags: 0
  m_CorrespondingSourceObject: {fileID: 0}
  m_PrefabInstance: {fileID: 0}
  m_PrefabAsset: {fileID: 0}
  m_GameObject: {fileID: 4845481099861626181}
  m_Enabled: 1
  m_CastShadows: 1
  m_ReceiveShadows: 1
  m_DynamicOccludee: 1
  m_MotionVectors: 1
  m_LightProbeUsage: 1
  m_ReflectionProbeUsage: 1
  m_RayTracingMode: 2
  m_RayTraceProcedural: 0
  m_RenderingLayerMask: 1
  m_RendererPriority: 0
  m_Materials:
  - {fileID: 2100000, guid: 00f215b56ffe3774aab169ed4fd513e7, type: 2}
  m_StaticBatchInfo:
    firstSubMesh: 0
    subMeshCount: 0
  m_StaticBatchRoot: {fileID: 0}
  m_ProbeAnchor: {fileID: 0}
  m_LightProbeVolumeOverride: {fileID: 0}
  m_ScaleInLightmap: 1
  m_ReceiveGI: 1
  m_PreserveUVs: 0
  m_IgnoreNormalsForChartDetection: 0
  m_ImportantGI: 0
  m_StitchLightmapSeams: 1
  m_SelectedEditorRenderState: 3
  m_MinimumChartSize: 4
  m_AutoUVMaxDistance: 0.5
  m_AutoUVMaxAngle: 89
  m_LightmapParameters: {fileID: 0}
  m_SortingLayerID: 0
  m_SortingLayer: 0
  m_SortingOrder: 0
  m_AdditionalVertexStreams: {fileID: 0}
--- !u!1001 &423656145363091894
PrefabInstance:
  m_ObjectHideFlags: 0
  serializedVersion: 2
  m_Modification:
    m_TransformParent: {fileID: 423656147429359512}
    m_Modifications:
    - target: {fileID: 5950489121287589962, guid: c8c047c183ff4184fb36eb9630289fc6, type: 3}
      propertyPath: m_RootOrder
      value: 2
      objectReference: {fileID: 0}
    - target: {fileID: 5950489121287589962, guid: c8c047c183ff4184fb36eb9630289fc6, type: 3}
      propertyPath: m_LocalPosition.x
      value: -0.75
      objectReference: {fileID: 0}
    - target: {fileID: 5950489121287589962, guid: c8c047c183ff4184fb36eb9630289fc6, type: 3}
      propertyPath: m_LocalPosition.y
      value: 0.5
      objectReference: {fileID: 0}
    - target: {fileID: 5950489121287589962, guid: c8c047c183ff4184fb36eb9630289fc6, type: 3}
      propertyPath: m_LocalPosition.z
      value: 2.8000002
      objectReference: {fileID: 0}
    - target: {fileID: 5950489121287589962, guid: c8c047c183ff4184fb36eb9630289fc6, type: 3}
      propertyPath: m_LocalRotation.w
      value: 0
      objectReference: {fileID: 0}
    - target: {fileID: 5950489121287589962, guid: c8c047c183ff4184fb36eb9630289fc6, type: 3}
      propertyPath: m_LocalRotation.x
      value: 0
      objectReference: {fileID: 0}
    - target: {fileID: 5950489121287589962, guid: c8c047c183ff4184fb36eb9630289fc6, type: 3}
      propertyPath: m_LocalRotation.y
      value: 1
      objectReference: {fileID: 0}
    - target: {fileID: 5950489121287589962, guid: c8c047c183ff4184fb36eb9630289fc6, type: 3}
      propertyPath: m_LocalRotation.z
      value: 0
      objectReference: {fileID: 0}
    - target: {fileID: 5950489121287589962, guid: c8c047c183ff4184fb36eb9630289fc6, type: 3}
      propertyPath: m_LocalEulerAnglesHint.x
      value: 0
      objectReference: {fileID: 0}
    - target: {fileID: 5950489121287589962, guid: c8c047c183ff4184fb36eb9630289fc6, type: 3}
      propertyPath: m_LocalEulerAnglesHint.y
      value: 180
      objectReference: {fileID: 0}
    - target: {fileID: 5950489121287589962, guid: c8c047c183ff4184fb36eb9630289fc6, type: 3}
      propertyPath: m_LocalEulerAnglesHint.z
      value: 0
      objectReference: {fileID: 0}
    - target: {fileID: 5950489121287589963, guid: c8c047c183ff4184fb36eb9630289fc6, type: 3}
      propertyPath: m_Name
      value: Enemy (2)
      objectReference: {fileID: 0}
    m_RemovedComponents: []
  m_SourcePrefab: {fileID: 100100000, guid: c8c047c183ff4184fb36eb9630289fc6, type: 3}
--- !u!4 &6302017269441171964 stripped
Transform:
  m_CorrespondingSourceObject: {fileID: 5950489121287589962, guid: c8c047c183ff4184fb36eb9630289fc6, type: 3}
  m_PrefabInstance: {fileID: 423656145363091894}
  m_PrefabAsset: {fileID: 0}
--- !u!1001 &423656145382580902
PrefabInstance:
  m_ObjectHideFlags: 0
  serializedVersion: 2
  m_Modification:
    m_TransformParent: {fileID: 423656147429359512}
    m_Modifications:
    - target: {fileID: 5950489121287589962, guid: c8c047c183ff4184fb36eb9630289fc6, type: 3}
      propertyPath: m_RootOrder
      value: 5
      objectReference: {fileID: 0}
    - target: {fileID: 5950489121287589962, guid: c8c047c183ff4184fb36eb9630289fc6, type: 3}
      propertyPath: m_LocalPosition.x
      value: 0
      objectReference: {fileID: 0}
    - target: {fileID: 5950489121287589962, guid: c8c047c183ff4184fb36eb9630289fc6, type: 3}
      propertyPath: m_LocalPosition.y
      value: 0.5
      objectReference: {fileID: 0}
    - target: {fileID: 5950489121287589962, guid: c8c047c183ff4184fb36eb9630289fc6, type: 3}
      propertyPath: m_LocalPosition.z
      value: -1.4499998
      objectReference: {fileID: 0}
    - target: {fileID: 5950489121287589962, guid: c8c047c183ff4184fb36eb9630289fc6, type: 3}
      propertyPath: m_LocalRotation.w
      value: 0
      objectReference: {fileID: 0}
    - target: {fileID: 5950489121287589962, guid: c8c047c183ff4184fb36eb9630289fc6, type: 3}
      propertyPath: m_LocalRotation.x
      value: 0
      objectReference: {fileID: 0}
    - target: {fileID: 5950489121287589962, guid: c8c047c183ff4184fb36eb9630289fc6, type: 3}
      propertyPath: m_LocalRotation.y
      value: 1
      objectReference: {fileID: 0}
    - target: {fileID: 5950489121287589962, guid: c8c047c183ff4184fb36eb9630289fc6, type: 3}
      propertyPath: m_LocalRotation.z
      value: 0
      objectReference: {fileID: 0}
    - target: {fileID: 5950489121287589962, guid: c8c047c183ff4184fb36eb9630289fc6, type: 3}
      propertyPath: m_LocalEulerAnglesHint.x
      value: 0
      objectReference: {fileID: 0}
    - target: {fileID: 5950489121287589962, guid: c8c047c183ff4184fb36eb9630289fc6, type: 3}
      propertyPath: m_LocalEulerAnglesHint.y
      value: 180
      objectReference: {fileID: 0}
    - target: {fileID: 5950489121287589962, guid: c8c047c183ff4184fb36eb9630289fc6, type: 3}
      propertyPath: m_LocalEulerAnglesHint.z
      value: 0
      objectReference: {fileID: 0}
    - target: {fileID: 5950489121287589963, guid: c8c047c183ff4184fb36eb9630289fc6, type: 3}
      propertyPath: m_Name
      value: Enemy (5)
      objectReference: {fileID: 0}
    m_RemovedComponents: []
  m_SourcePrefab: {fileID: 100100000, guid: c8c047c183ff4184fb36eb9630289fc6, type: 3}
--- !u!4 &6302017269524132588 stripped
Transform:
  m_CorrespondingSourceObject: {fileID: 5950489121287589962, guid: c8c047c183ff4184fb36eb9630289fc6, type: 3}
  m_PrefabInstance: {fileID: 423656145382580902}
  m_PrefabAsset: {fileID: 0}
--- !u!1001 &423656145583711831
PrefabInstance:
  m_ObjectHideFlags: 0
  serializedVersion: 2
  m_Modification:
    m_TransformParent: {fileID: 423656147429359512}
    m_Modifications:
    - target: {fileID: 5950489121287589962, guid: c8c047c183ff4184fb36eb9630289fc6, type: 3}
      propertyPath: m_RootOrder
      value: 7
      objectReference: {fileID: 0}
    - target: {fileID: 5950489121287589962, guid: c8c047c183ff4184fb36eb9630289fc6, type: 3}
      propertyPath: m_LocalPosition.x
      value: 1
      objectReference: {fileID: 0}
    - target: {fileID: 5950489121287589962, guid: c8c047c183ff4184fb36eb9630289fc6, type: 3}
      propertyPath: m_LocalPosition.y
      value: 0.5
      objectReference: {fileID: 0}
    - target: {fileID: 5950489121287589962, guid: c8c047c183ff4184fb36eb9630289fc6, type: 3}
      propertyPath: m_LocalPosition.z
      value: -4.2
      objectReference: {fileID: 0}
    - target: {fileID: 5950489121287589962, guid: c8c047c183ff4184fb36eb9630289fc6, type: 3}
      propertyPath: m_LocalRotation.w
      value: 0
      objectReference: {fileID: 0}
    - target: {fileID: 5950489121287589962, guid: c8c047c183ff4184fb36eb9630289fc6, type: 3}
      propertyPath: m_LocalRotation.x
      value: 0
      objectReference: {fileID: 0}
    - target: {fileID: 5950489121287589962, guid: c8c047c183ff4184fb36eb9630289fc6, type: 3}
      propertyPath: m_LocalRotation.y
      value: 1
      objectReference: {fileID: 0}
    - target: {fileID: 5950489121287589962, guid: c8c047c183ff4184fb36eb9630289fc6, type: 3}
      propertyPath: m_LocalRotation.z
      value: 0
      objectReference: {fileID: 0}
    - target: {fileID: 5950489121287589962, guid: c8c047c183ff4184fb36eb9630289fc6, type: 3}
      propertyPath: m_LocalEulerAnglesHint.x
      value: 0
      objectReference: {fileID: 0}
    - target: {fileID: 5950489121287589962, guid: c8c047c183ff4184fb36eb9630289fc6, type: 3}
      propertyPath: m_LocalEulerAnglesHint.y
      value: 180
      objectReference: {fileID: 0}
    - target: {fileID: 5950489121287589962, guid: c8c047c183ff4184fb36eb9630289fc6, type: 3}
      propertyPath: m_LocalEulerAnglesHint.z
      value: 0
      objectReference: {fileID: 0}
    - target: {fileID: 5950489121287589963, guid: c8c047c183ff4184fb36eb9630289fc6, type: 3}
      propertyPath: m_Name
      value: Enemy (7)
      objectReference: {fileID: 0}
    m_RemovedComponents: []
  m_SourcePrefab: {fileID: 100100000, guid: c8c047c183ff4184fb36eb9630289fc6, type: 3}
--- !u!4 &6302017269723690525 stripped
Transform:
  m_CorrespondingSourceObject: {fileID: 5950489121287589962, guid: c8c047c183ff4184fb36eb9630289fc6, type: 3}
  m_PrefabInstance: {fileID: 423656145583711831}
  m_PrefabAsset: {fileID: 0}
--- !u!1001 &423656145660298374
PrefabInstance:
  m_ObjectHideFlags: 0
  serializedVersion: 2
  m_Modification:
    m_TransformParent: {fileID: 423656147053182370}
    m_Modifications:
    - target: {fileID: 8706062828301278240, guid: 001ba04ef9dee2b4bb306a7ec863d3cb, type: 3}
      propertyPath: m_RootOrder
      value: 3
      objectReference: {fileID: 0}
    - target: {fileID: 8706062828301278240, guid: 001ba04ef9dee2b4bb306a7ec863d3cb, type: 3}
      propertyPath: m_LocalPosition.x
      value: 0
      objectReference: {fileID: 0}
    - target: {fileID: 8706062828301278240, guid: 001ba04ef9dee2b4bb306a7ec863d3cb, type: 3}
      propertyPath: m_LocalPosition.y
      value: 0
      objectReference: {fileID: 0}
    - target: {fileID: 8706062828301278240, guid: 001ba04ef9dee2b4bb306a7ec863d3cb, type: 3}
      propertyPath: m_LocalPosition.z
      value: 4.66
      objectReference: {fileID: 0}
    - target: {fileID: 8706062828301278240, guid: 001ba04ef9dee2b4bb306a7ec863d3cb, type: 3}
      propertyPath: m_LocalRotation.w
      value: 1
      objectReference: {fileID: 0}
    - target: {fileID: 8706062828301278240, guid: 001ba04ef9dee2b4bb306a7ec863d3cb, type: 3}
      propertyPath: m_LocalRotation.x
      value: -0
      objectReference: {fileID: 0}
    - target: {fileID: 8706062828301278240, guid: 001ba04ef9dee2b4bb306a7ec863d3cb, type: 3}
      propertyPath: m_LocalRotation.y
      value: -0
      objectReference: {fileID: 0}
    - target: {fileID: 8706062828301278240, guid: 001ba04ef9dee2b4bb306a7ec863d3cb, type: 3}
      propertyPath: m_LocalRotation.z
      value: -0
      objectReference: {fileID: 0}
    - target: {fileID: 8706062828301278240, guid: 001ba04ef9dee2b4bb306a7ec863d3cb, type: 3}
      propertyPath: m_LocalEulerAnglesHint.x
      value: 0
      objectReference: {fileID: 0}
    - target: {fileID: 8706062828301278240, guid: 001ba04ef9dee2b4bb306a7ec863d3cb, type: 3}
      propertyPath: m_LocalEulerAnglesHint.y
      value: 0
      objectReference: {fileID: 0}
    - target: {fileID: 8706062828301278240, guid: 001ba04ef9dee2b4bb306a7ec863d3cb, type: 3}
      propertyPath: m_LocalEulerAnglesHint.z
      value: 0
      objectReference: {fileID: 0}
    - target: {fileID: 8706062828301278243, guid: 001ba04ef9dee2b4bb306a7ec863d3cb, type: 3}
      propertyPath: m_Name
      value: Plan (3)
      objectReference: {fileID: 0}
    - target: {fileID: 8706062828301278243, guid: 001ba04ef9dee2b4bb306a7ec863d3cb, type: 3}
      propertyPath: m_IsActive
      value: 1
      objectReference: {fileID: 0}
    m_RemovedComponents: []
  m_SourcePrefab: {fileID: 100100000, guid: 001ba04ef9dee2b4bb306a7ec863d3cb, type: 3}
--- !u!4 &9021562179796539558 stripped
Transform:
  m_CorrespondingSourceObject: {fileID: 8706062828301278240, guid: 001ba04ef9dee2b4bb306a7ec863d3cb, type: 3}
  m_PrefabInstance: {fileID: 423656145660298374}
  m_PrefabAsset: {fileID: 0}
--- !u!1001 &423656145669853248
PrefabInstance:
  m_ObjectHideFlags: 0
  serializedVersion: 2
  m_Modification:
    m_TransformParent: {fileID: 423656147429359512}
    m_Modifications:
    - target: {fileID: 5950489121287589962, guid: c8c047c183ff4184fb36eb9630289fc6, type: 3}
      propertyPath: m_RootOrder
      value: 1
      objectReference: {fileID: 0}
    - target: {fileID: 5950489121287589962, guid: c8c047c183ff4184fb36eb9630289fc6, type: 3}
      propertyPath: m_LocalPosition.x
      value: -0.75
      objectReference: {fileID: 0}
    - target: {fileID: 5950489121287589962, guid: c8c047c183ff4184fb36eb9630289fc6, type: 3}
      propertyPath: m_LocalPosition.y
      value: 0.5
      objectReference: {fileID: 0}
    - target: {fileID: 5950489121287589962, guid: c8c047c183ff4184fb36eb9630289fc6, type: 3}
      propertyPath: m_LocalPosition.z
      value: 4.3
      objectReference: {fileID: 0}
    - target: {fileID: 5950489121287589962, guid: c8c047c183ff4184fb36eb9630289fc6, type: 3}
      propertyPath: m_LocalRotation.w
      value: 0
      objectReference: {fileID: 0}
    - target: {fileID: 5950489121287589962, guid: c8c047c183ff4184fb36eb9630289fc6, type: 3}
      propertyPath: m_LocalRotation.x
      value: 0
      objectReference: {fileID: 0}
    - target: {fileID: 5950489121287589962, guid: c8c047c183ff4184fb36eb9630289fc6, type: 3}
      propertyPath: m_LocalRotation.y
      value: 1
      objectReference: {fileID: 0}
    - target: {fileID: 5950489121287589962, guid: c8c047c183ff4184fb36eb9630289fc6, type: 3}
      propertyPath: m_LocalRotation.z
      value: 0
      objectReference: {fileID: 0}
    - target: {fileID: 5950489121287589962, guid: c8c047c183ff4184fb36eb9630289fc6, type: 3}
      propertyPath: m_LocalEulerAnglesHint.x
      value: 0
      objectReference: {fileID: 0}
    - target: {fileID: 5950489121287589962, guid: c8c047c183ff4184fb36eb9630289fc6, type: 3}
      propertyPath: m_LocalEulerAnglesHint.y
      value: 180
      objectReference: {fileID: 0}
    - target: {fileID: 5950489121287589962, guid: c8c047c183ff4184fb36eb9630289fc6, type: 3}
      propertyPath: m_LocalEulerAnglesHint.z
      value: 0
      objectReference: {fileID: 0}
    - target: {fileID: 5950489121287589963, guid: c8c047c183ff4184fb36eb9630289fc6, type: 3}
      propertyPath: m_Name
      value: Enemy (1)
      objectReference: {fileID: 0}
    m_RemovedComponents: []
  m_SourcePrefab: {fileID: 100100000, guid: c8c047c183ff4184fb36eb9630289fc6, type: 3}
--- !u!4 &6302017269815590922 stripped
Transform:
  m_CorrespondingSourceObject: {fileID: 5950489121287589962, guid: c8c047c183ff4184fb36eb9630289fc6, type: 3}
  m_PrefabInstance: {fileID: 423656145669853248}
  m_PrefabAsset: {fileID: 0}
--- !u!1001 &423656145974659956
PrefabInstance:
  m_ObjectHideFlags: 0
  serializedVersion: 2
  m_Modification:
    m_TransformParent: {fileID: 423656147429359512}
    m_Modifications:
    - target: {fileID: 5950489121287589962, guid: c8c047c183ff4184fb36eb9630289fc6, type: 3}
      propertyPath: m_RootOrder
      value: 4
      objectReference: {fileID: 0}
    - target: {fileID: 5950489121287589962, guid: c8c047c183ff4184fb36eb9630289fc6, type: 3}
      propertyPath: m_LocalPosition.x
      value: 0
      objectReference: {fileID: 0}
    - target: {fileID: 5950489121287589962, guid: c8c047c183ff4184fb36eb9630289fc6, type: 3}
      propertyPath: m_LocalPosition.y
      value: 0.5
      objectReference: {fileID: 0}
    - target: {fileID: 5950489121287589962, guid: c8c047c183ff4184fb36eb9630289fc6, type: 3}
      propertyPath: m_LocalPosition.z
      value: 0.05000019
      objectReference: {fileID: 0}
    - target: {fileID: 5950489121287589962, guid: c8c047c183ff4184fb36eb9630289fc6, type: 3}
      propertyPath: m_LocalRotation.w
      value: 0
      objectReference: {fileID: 0}
    - target: {fileID: 5950489121287589962, guid: c8c047c183ff4184fb36eb9630289fc6, type: 3}
      propertyPath: m_LocalRotation.x
      value: 0
      objectReference: {fileID: 0}
    - target: {fileID: 5950489121287589962, guid: c8c047c183ff4184fb36eb9630289fc6, type: 3}
      propertyPath: m_LocalRotation.y
      value: 1
      objectReference: {fileID: 0}
    - target: {fileID: 5950489121287589962, guid: c8c047c183ff4184fb36eb9630289fc6, type: 3}
      propertyPath: m_LocalRotation.z
      value: 0
      objectReference: {fileID: 0}
    - target: {fileID: 5950489121287589962, guid: c8c047c183ff4184fb36eb9630289fc6, type: 3}
      propertyPath: m_LocalEulerAnglesHint.x
      value: 0
      objectReference: {fileID: 0}
    - target: {fileID: 5950489121287589962, guid: c8c047c183ff4184fb36eb9630289fc6, type: 3}
      propertyPath: m_LocalEulerAnglesHint.y
      value: 180
      objectReference: {fileID: 0}
    - target: {fileID: 5950489121287589962, guid: c8c047c183ff4184fb36eb9630289fc6, type: 3}
      propertyPath: m_LocalEulerAnglesHint.z
      value: 0
      objectReference: {fileID: 0}
    - target: {fileID: 5950489121287589963, guid: c8c047c183ff4184fb36eb9630289fc6, type: 3}
      propertyPath: m_Name
      value: Enemy (4)
      objectReference: {fileID: 0}
    m_RemovedComponents: []
  m_SourcePrefab: {fileID: 100100000, guid: c8c047c183ff4184fb36eb9630289fc6, type: 3}
--- !u!4 &6302017268974312254 stripped
Transform:
  m_CorrespondingSourceObject: {fileID: 5950489121287589962, guid: c8c047c183ff4184fb36eb9630289fc6, type: 3}
  m_PrefabInstance: {fileID: 423656145974659956}
  m_PrefabAsset: {fileID: 0}
--- !u!1001 &423656146279535956
PrefabInstance:
  m_ObjectHideFlags: 0
  serializedVersion: 2
  m_Modification:
    m_TransformParent: {fileID: 423656147053182370}
    m_Modifications:
    - target: {fileID: 8706062828301278240, guid: 001ba04ef9dee2b4bb306a7ec863d3cb, type: 3}
      propertyPath: m_RootOrder
      value: 1
      objectReference: {fileID: 0}
    - target: {fileID: 8706062828301278240, guid: 001ba04ef9dee2b4bb306a7ec863d3cb, type: 3}
      propertyPath: m_LocalPosition.x
      value: 0
      objectReference: {fileID: 0}
    - target: {fileID: 8706062828301278240, guid: 001ba04ef9dee2b4bb306a7ec863d3cb, type: 3}
      propertyPath: m_LocalPosition.y
      value: 0
      objectReference: {fileID: 0}
    - target: {fileID: 8706062828301278240, guid: 001ba04ef9dee2b4bb306a7ec863d3cb, type: 3}
      propertyPath: m_LocalPosition.z
      value: -1.3400002
      objectReference: {fileID: 0}
    - target: {fileID: 8706062828301278240, guid: 001ba04ef9dee2b4bb306a7ec863d3cb, type: 3}
      propertyPath: m_LocalRotation.w
      value: 1
      objectReference: {fileID: 0}
    - target: {fileID: 8706062828301278240, guid: 001ba04ef9dee2b4bb306a7ec863d3cb, type: 3}
      propertyPath: m_LocalRotation.x
      value: -0
      objectReference: {fileID: 0}
    - target: {fileID: 8706062828301278240, guid: 001ba04ef9dee2b4bb306a7ec863d3cb, type: 3}
      propertyPath: m_LocalRotation.y
      value: -0
      objectReference: {fileID: 0}
    - target: {fileID: 8706062828301278240, guid: 001ba04ef9dee2b4bb306a7ec863d3cb, type: 3}
      propertyPath: m_LocalRotation.z
      value: -0
      objectReference: {fileID: 0}
    - target: {fileID: 8706062828301278240, guid: 001ba04ef9dee2b4bb306a7ec863d3cb, type: 3}
      propertyPath: m_LocalEulerAnglesHint.x
      value: 0
      objectReference: {fileID: 0}
    - target: {fileID: 8706062828301278240, guid: 001ba04ef9dee2b4bb306a7ec863d3cb, type: 3}
      propertyPath: m_LocalEulerAnglesHint.y
      value: 0
      objectReference: {fileID: 0}
    - target: {fileID: 8706062828301278240, guid: 001ba04ef9dee2b4bb306a7ec863d3cb, type: 3}
      propertyPath: m_LocalEulerAnglesHint.z
      value: 0
      objectReference: {fileID: 0}
    - target: {fileID: 8706062828301278243, guid: 001ba04ef9dee2b4bb306a7ec863d3cb, type: 3}
      propertyPath: m_Name
      value: Plan (1)
      objectReference: {fileID: 0}
    - target: {fileID: 8706062828301278243, guid: 001ba04ef9dee2b4bb306a7ec863d3cb, type: 3}
      propertyPath: m_IsActive
      value: 1
      objectReference: {fileID: 0}
    m_RemovedComponents: []
  m_SourcePrefab: {fileID: 100100000, guid: 001ba04ef9dee2b4bb306a7ec863d3cb, type: 3}
--- !u!4 &9021562180382116212 stripped
Transform:
  m_CorrespondingSourceObject: {fileID: 8706062828301278240, guid: 001ba04ef9dee2b4bb306a7ec863d3cb, type: 3}
  m_PrefabInstance: {fileID: 423656146279535956}
  m_PrefabAsset: {fileID: 0}
--- !u!1001 &423656146388351320
PrefabInstance:
  m_ObjectHideFlags: 0
  serializedVersion: 2
  m_Modification:
    m_TransformParent: {fileID: 423656147429359512}
    m_Modifications:
    - target: {fileID: 5950489121287589962, guid: c8c047c183ff4184fb36eb9630289fc6, type: 3}
      propertyPath: m_RootOrder
      value: 6
      objectReference: {fileID: 0}
    - target: {fileID: 5950489121287589962, guid: c8c047c183ff4184fb36eb9630289fc6, type: 3}
      propertyPath: m_LocalPosition.x
      value: 0
      objectReference: {fileID: 0}
    - target: {fileID: 5950489121287589962, guid: c8c047c183ff4184fb36eb9630289fc6, type: 3}
      propertyPath: m_LocalPosition.y
      value: 0.5
      objectReference: {fileID: 0}
    - target: {fileID: 5950489121287589962, guid: c8c047c183ff4184fb36eb9630289fc6, type: 3}
      propertyPath: m_LocalPosition.z
      value: -2.9499998
      objectReference: {fileID: 0}
    - target: {fileID: 5950489121287589962, guid: c8c047c183ff4184fb36eb9630289fc6, type: 3}
      propertyPath: m_LocalRotation.w
      value: 0
      objectReference: {fileID: 0}
    - target: {fileID: 5950489121287589962, guid: c8c047c183ff4184fb36eb9630289fc6, type: 3}
      propertyPath: m_LocalRotation.x
      value: 0
      objectReference: {fileID: 0}
    - target: {fileID: 5950489121287589962, guid: c8c047c183ff4184fb36eb9630289fc6, type: 3}
      propertyPath: m_LocalRotation.y
      value: 1
      objectReference: {fileID: 0}
    - target: {fileID: 5950489121287589962, guid: c8c047c183ff4184fb36eb9630289fc6, type: 3}
      propertyPath: m_LocalRotation.z
      value: 0
      objectReference: {fileID: 0}
    - target: {fileID: 5950489121287589962, guid: c8c047c183ff4184fb36eb9630289fc6, type: 3}
      propertyPath: m_LocalEulerAnglesHint.x
      value: 0
      objectReference: {fileID: 0}
    - target: {fileID: 5950489121287589962, guid: c8c047c183ff4184fb36eb9630289fc6, type: 3}
      propertyPath: m_LocalEulerAnglesHint.y
      value: 180
      objectReference: {fileID: 0}
    - target: {fileID: 5950489121287589962, guid: c8c047c183ff4184fb36eb9630289fc6, type: 3}
      propertyPath: m_LocalEulerAnglesHint.z
      value: 0
      objectReference: {fileID: 0}
    - target: {fileID: 5950489121287589963, guid: c8c047c183ff4184fb36eb9630289fc6, type: 3}
      propertyPath: m_Name
      value: Enemy (6)
      objectReference: {fileID: 0}
    m_RemovedComponents: []
  m_SourcePrefab: {fileID: 100100000, guid: c8c047c183ff4184fb36eb9630289fc6, type: 3}
--- !u!4 &6302017270529861906 stripped
Transform:
  m_CorrespondingSourceObject: {fileID: 5950489121287589962, guid: c8c047c183ff4184fb36eb9630289fc6, type: 3}
  m_PrefabInstance: {fileID: 423656146388351320}
  m_PrefabAsset: {fileID: 0}
--- !u!1001 &423656146516818331
PrefabInstance:
  m_ObjectHideFlags: 0
  serializedVersion: 2
  m_Modification:
    m_TransformParent: {fileID: 423656147053182370}
    m_Modifications:
    - target: {fileID: 8706062828301278240, guid: 001ba04ef9dee2b4bb306a7ec863d3cb, type: 3}
      propertyPath: m_RootOrder
      value: 4
      objectReference: {fileID: 0}
    - target: {fileID: 8706062828301278240, guid: 001ba04ef9dee2b4bb306a7ec863d3cb, type: 3}
      propertyPath: m_LocalPosition.x
      value: 0
      objectReference: {fileID: 0}
    - target: {fileID: 8706062828301278240, guid: 001ba04ef9dee2b4bb306a7ec863d3cb, type: 3}
      propertyPath: m_LocalPosition.y
      value: 0
      objectReference: {fileID: 0}
    - target: {fileID: 8706062828301278240, guid: 001ba04ef9dee2b4bb306a7ec863d3cb, type: 3}
      propertyPath: m_LocalPosition.z
      value: 7.66
      objectReference: {fileID: 0}
    - target: {fileID: 8706062828301278240, guid: 001ba04ef9dee2b4bb306a7ec863d3cb, type: 3}
      propertyPath: m_LocalRotation.w
      value: 1
      objectReference: {fileID: 0}
    - target: {fileID: 8706062828301278240, guid: 001ba04ef9dee2b4bb306a7ec863d3cb, type: 3}
      propertyPath: m_LocalRotation.x
      value: -0
      objectReference: {fileID: 0}
    - target: {fileID: 8706062828301278240, guid: 001ba04ef9dee2b4bb306a7ec863d3cb, type: 3}
      propertyPath: m_LocalRotation.y
      value: -0
      objectReference: {fileID: 0}
    - target: {fileID: 8706062828301278240, guid: 001ba04ef9dee2b4bb306a7ec863d3cb, type: 3}
      propertyPath: m_LocalRotation.z
      value: -0
      objectReference: {fileID: 0}
    - target: {fileID: 8706062828301278240, guid: 001ba04ef9dee2b4bb306a7ec863d3cb, type: 3}
      propertyPath: m_LocalEulerAnglesHint.x
      value: 0
      objectReference: {fileID: 0}
    - target: {fileID: 8706062828301278240, guid: 001ba04ef9dee2b4bb306a7ec863d3cb, type: 3}
      propertyPath: m_LocalEulerAnglesHint.y
      value: 0
      objectReference: {fileID: 0}
    - target: {fileID: 8706062828301278240, guid: 001ba04ef9dee2b4bb306a7ec863d3cb, type: 3}
      propertyPath: m_LocalEulerAnglesHint.z
      value: 0
      objectReference: {fileID: 0}
    - target: {fileID: 8706062828301278243, guid: 001ba04ef9dee2b4bb306a7ec863d3cb, type: 3}
      propertyPath: m_Name
      value: Plan (4)
      objectReference: {fileID: 0}
    - target: {fileID: 8706062828301278243, guid: 001ba04ef9dee2b4bb306a7ec863d3cb, type: 3}
      propertyPath: m_IsActive
      value: 1
      objectReference: {fileID: 0}
    m_RemovedComponents: []
  m_SourcePrefab: {fileID: 100100000, guid: 001ba04ef9dee2b4bb306a7ec863d3cb, type: 3}
--- !u!4 &9021562180657145275 stripped
Transform:
  m_CorrespondingSourceObject: {fileID: 8706062828301278240, guid: 001ba04ef9dee2b4bb306a7ec863d3cb, type: 3}
  m_PrefabInstance: {fileID: 423656146516818331}
  m_PrefabAsset: {fileID: 0}
--- !u!1001 &423656147334993860
PrefabInstance:
  m_ObjectHideFlags: 0
  serializedVersion: 2
  m_Modification:
    m_TransformParent: {fileID: 423656147429359512}
    m_Modifications:
    - target: {fileID: 5950489121287589962, guid: c8c047c183ff4184fb36eb9630289fc6, type: 3}
      propertyPath: m_RootOrder
      value: 3
      objectReference: {fileID: 0}
    - target: {fileID: 5950489121287589962, guid: c8c047c183ff4184fb36eb9630289fc6, type: 3}
      propertyPath: m_LocalPosition.x
      value: -0.75
      objectReference: {fileID: 0}
    - target: {fileID: 5950489121287589962, guid: c8c047c183ff4184fb36eb9630289fc6, type: 3}
      propertyPath: m_LocalPosition.y
      value: 0.5
      objectReference: {fileID: 0}
    - target: {fileID: 5950489121287589962, guid: c8c047c183ff4184fb36eb9630289fc6, type: 3}
      propertyPath: m_LocalPosition.z
      value: 1.3000002
      objectReference: {fileID: 0}
    - target: {fileID: 5950489121287589962, guid: c8c047c183ff4184fb36eb9630289fc6, type: 3}
      propertyPath: m_LocalRotation.w
      value: 0
      objectReference: {fileID: 0}
    - target: {fileID: 5950489121287589962, guid: c8c047c183ff4184fb36eb9630289fc6, type: 3}
      propertyPath: m_LocalRotation.x
      value: 0
      objectReference: {fileID: 0}
    - target: {fileID: 5950489121287589962, guid: c8c047c183ff4184fb36eb9630289fc6, type: 3}
      propertyPath: m_LocalRotation.y
      value: 1
      objectReference: {fileID: 0}
    - target: {fileID: 5950489121287589962, guid: c8c047c183ff4184fb36eb9630289fc6, type: 3}
      propertyPath: m_LocalRotation.z
      value: 0
      objectReference: {fileID: 0}
    - target: {fileID: 5950489121287589962, guid: c8c047c183ff4184fb36eb9630289fc6, type: 3}
      propertyPath: m_LocalEulerAnglesHint.x
      value: 0
      objectReference: {fileID: 0}
    - target: {fileID: 5950489121287589962, guid: c8c047c183ff4184fb36eb9630289fc6, type: 3}
      propertyPath: m_LocalEulerAnglesHint.y
      value: 180
      objectReference: {fileID: 0}
    - target: {fileID: 5950489121287589962, guid: c8c047c183ff4184fb36eb9630289fc6, type: 3}
      propertyPath: m_LocalEulerAnglesHint.z
      value: 0
      objectReference: {fileID: 0}
    - target: {fileID: 5950489121287589963, guid: c8c047c183ff4184fb36eb9630289fc6, type: 3}
      propertyPath: m_Name
      value: Enemy (3)
      objectReference: {fileID: 0}
    m_RemovedComponents: []
  m_SourcePrefab: {fileID: 100100000, guid: c8c047c183ff4184fb36eb9630289fc6, type: 3}
--- !u!4 &6302017270138554254 stripped
Transform:
  m_CorrespondingSourceObject: {fileID: 5950489121287589962, guid: c8c047c183ff4184fb36eb9630289fc6, type: 3}
  m_PrefabInstance: {fileID: 423656147334993860}
  m_PrefabAsset: {fileID: 0}
--- !u!1001 &423656147427689834
PrefabInstance:
  m_ObjectHideFlags: 0
  serializedVersion: 2
  m_Modification:
    m_TransformParent: {fileID: 423656147053182370}
    m_Modifications:
    - target: {fileID: 8706062828301278240, guid: 001ba04ef9dee2b4bb306a7ec863d3cb, type: 3}
      propertyPath: m_RootOrder
      value: 2
      objectReference: {fileID: 0}
    - target: {fileID: 8706062828301278240, guid: 001ba04ef9dee2b4bb306a7ec863d3cb, type: 3}
      propertyPath: m_LocalPosition.x
      value: 0
      objectReference: {fileID: 0}
    - target: {fileID: 8706062828301278240, guid: 001ba04ef9dee2b4bb306a7ec863d3cb, type: 3}
      propertyPath: m_LocalPosition.y
      value: 0
      objectReference: {fileID: 0}
    - target: {fileID: 8706062828301278240, guid: 001ba04ef9dee2b4bb306a7ec863d3cb, type: 3}
      propertyPath: m_LocalPosition.z
      value: 1.6599998
      objectReference: {fileID: 0}
    - target: {fileID: 8706062828301278240, guid: 001ba04ef9dee2b4bb306a7ec863d3cb, type: 3}
      propertyPath: m_LocalRotation.w
      value: 1
      objectReference: {fileID: 0}
    - target: {fileID: 8706062828301278240, guid: 001ba04ef9dee2b4bb306a7ec863d3cb, type: 3}
      propertyPath: m_LocalRotation.x
      value: -0
      objectReference: {fileID: 0}
    - target: {fileID: 8706062828301278240, guid: 001ba04ef9dee2b4bb306a7ec863d3cb, type: 3}
      propertyPath: m_LocalRotation.y
      value: -0
      objectReference: {fileID: 0}
    - target: {fileID: 8706062828301278240, guid: 001ba04ef9dee2b4bb306a7ec863d3cb, type: 3}
      propertyPath: m_LocalRotation.z
      value: -0
      objectReference: {fileID: 0}
    - target: {fileID: 8706062828301278240, guid: 001ba04ef9dee2b4bb306a7ec863d3cb, type: 3}
      propertyPath: m_LocalEulerAnglesHint.x
      value: 0
      objectReference: {fileID: 0}
    - target: {fileID: 8706062828301278240, guid: 001ba04ef9dee2b4bb306a7ec863d3cb, type: 3}
      propertyPath: m_LocalEulerAnglesHint.y
      value: 0
      objectReference: {fileID: 0}
    - target: {fileID: 8706062828301278240, guid: 001ba04ef9dee2b4bb306a7ec863d3cb, type: 3}
      propertyPath: m_LocalEulerAnglesHint.z
      value: 0
      objectReference: {fileID: 0}
    - target: {fileID: 8706062828301278243, guid: 001ba04ef9dee2b4bb306a7ec863d3cb, type: 3}
      propertyPath: m_Name
      value: Plan (2)
      objectReference: {fileID: 0}
    - target: {fileID: 8706062828301278243, guid: 001ba04ef9dee2b4bb306a7ec863d3cb, type: 3}
      propertyPath: m_IsActive
      value: 1
      objectReference: {fileID: 0}
    m_RemovedComponents: []
  m_SourcePrefab: {fileID: 100100000, guid: 001ba04ef9dee2b4bb306a7ec863d3cb, type: 3}
--- !u!4 &9021562181568158026 stripped
Transform:
  m_CorrespondingSourceObject: {fileID: 8706062828301278240, guid: 001ba04ef9dee2b4bb306a7ec863d3cb, type: 3}
  m_PrefabInstance: {fileID: 423656147427689834}
  m_PrefabAsset: {fileID: 0}
--- !u!1001 &423656147449932205
PrefabInstance:
  m_ObjectHideFlags: 0
  serializedVersion: 2
  m_Modification:
    m_TransformParent: {fileID: 423656147429359512}
    m_Modifications:
    - target: {fileID: 5950489121287589962, guid: c8c047c183ff4184fb36eb9630289fc6, type: 3}
      propertyPath: m_RootOrder
      value: 8
      objectReference: {fileID: 0}
    - target: {fileID: 5950489121287589962, guid: c8c047c183ff4184fb36eb9630289fc6, type: 3}
      propertyPath: m_LocalPosition.x
      value: 1
      objectReference: {fileID: 0}
    - target: {fileID: 5950489121287589962, guid: c8c047c183ff4184fb36eb9630289fc6, type: 3}
      propertyPath: m_LocalPosition.y
      value: 0.5
      objectReference: {fileID: 0}
    - target: {fileID: 5950489121287589962, guid: c8c047c183ff4184fb36eb9630289fc6, type: 3}
      propertyPath: m_LocalPosition.z
      value: -5.7
      objectReference: {fileID: 0}
    - target: {fileID: 5950489121287589962, guid: c8c047c183ff4184fb36eb9630289fc6, type: 3}
      propertyPath: m_LocalRotation.w
      value: 0
      objectReference: {fileID: 0}
    - target: {fileID: 5950489121287589962, guid: c8c047c183ff4184fb36eb9630289fc6, type: 3}
      propertyPath: m_LocalRotation.x
      value: 0
      objectReference: {fileID: 0}
    - target: {fileID: 5950489121287589962, guid: c8c047c183ff4184fb36eb9630289fc6, type: 3}
      propertyPath: m_LocalRotation.y
      value: 1
      objectReference: {fileID: 0}
    - target: {fileID: 5950489121287589962, guid: c8c047c183ff4184fb36eb9630289fc6, type: 3}
      propertyPath: m_LocalRotation.z
      value: 0
      objectReference: {fileID: 0}
    - target: {fileID: 5950489121287589962, guid: c8c047c183ff4184fb36eb9630289fc6, type: 3}
      propertyPath: m_LocalEulerAnglesHint.x
      value: 0
      objectReference: {fileID: 0}
    - target: {fileID: 5950489121287589962, guid: c8c047c183ff4184fb36eb9630289fc6, type: 3}
      propertyPath: m_LocalEulerAnglesHint.y
      value: 180
      objectReference: {fileID: 0}
    - target: {fileID: 5950489121287589962, guid: c8c047c183ff4184fb36eb9630289fc6, type: 3}
      propertyPath: m_LocalEulerAnglesHint.z
      value: 0
      objectReference: {fileID: 0}
    - target: {fileID: 5950489121287589963, guid: c8c047c183ff4184fb36eb9630289fc6, type: 3}
      propertyPath: m_Name
      value: Enemy (8)
      objectReference: {fileID: 0}
    m_RemovedComponents: []
  m_SourcePrefab: {fileID: 100100000, guid: c8c047c183ff4184fb36eb9630289fc6, type: 3}
--- !u!4 &6302017270181116391 stripped
Transform:
  m_CorrespondingSourceObject: {fileID: 5950489121287589962, guid: c8c047c183ff4184fb36eb9630289fc6, type: 3}
  m_PrefabInstance: {fileID: 423656147449932205}
  m_PrefabAsset: {fileID: 0}
--- !u!1001 &6302017270776168194
PrefabInstance:
  m_ObjectHideFlags: 0
  serializedVersion: 2
  m_Modification:
    m_TransformParent: {fileID: 423656147429359512}
    m_Modifications:
    - target: {fileID: 5950489121287589962, guid: c8c047c183ff4184fb36eb9630289fc6, type: 3}
      propertyPath: m_RootOrder
      value: 0
      objectReference: {fileID: 0}
    - target: {fileID: 5950489121287589962, guid: c8c047c183ff4184fb36eb9630289fc6, type: 3}
      propertyPath: m_LocalPosition.x
      value: -0.75
      objectReference: {fileID: 0}
    - target: {fileID: 5950489121287589962, guid: c8c047c183ff4184fb36eb9630289fc6, type: 3}
      propertyPath: m_LocalPosition.y
      value: 0.5
      objectReference: {fileID: 0}
    - target: {fileID: 5950489121287589962, guid: c8c047c183ff4184fb36eb9630289fc6, type: 3}
      propertyPath: m_LocalPosition.z
      value: 5.8
      objectReference: {fileID: 0}
    - target: {fileID: 5950489121287589962, guid: c8c047c183ff4184fb36eb9630289fc6, type: 3}
      propertyPath: m_LocalRotation.w
      value: 0
      objectReference: {fileID: 0}
    - target: {fileID: 5950489121287589962, guid: c8c047c183ff4184fb36eb9630289fc6, type: 3}
      propertyPath: m_LocalRotation.x
      value: 0
      objectReference: {fileID: 0}
    - target: {fileID: 5950489121287589962, guid: c8c047c183ff4184fb36eb9630289fc6, type: 3}
      propertyPath: m_LocalRotation.y
      value: 1
      objectReference: {fileID: 0}
    - target: {fileID: 5950489121287589962, guid: c8c047c183ff4184fb36eb9630289fc6, type: 3}
      propertyPath: m_LocalRotation.z
      value: 0
      objectReference: {fileID: 0}
    - target: {fileID: 5950489121287589962, guid: c8c047c183ff4184fb36eb9630289fc6, type: 3}
      propertyPath: m_LocalEulerAnglesHint.x
      value: 0
      objectReference: {fileID: 0}
    - target: {fileID: 5950489121287589962, guid: c8c047c183ff4184fb36eb9630289fc6, type: 3}
      propertyPath: m_LocalEulerAnglesHint.y
      value: 180
      objectReference: {fileID: 0}
    - target: {fileID: 5950489121287589962, guid: c8c047c183ff4184fb36eb9630289fc6, type: 3}
      propertyPath: m_LocalEulerAnglesHint.z
      value: 0
      objectReference: {fileID: 0}
    - target: {fileID: 5950489121287589963, guid: c8c047c183ff4184fb36eb9630289fc6, type: 3}
      propertyPath: m_Name
      value: Enemy
      objectReference: {fileID: 0}
    m_RemovedComponents: []
  m_SourcePrefab: {fileID: 100100000, guid: c8c047c183ff4184fb36eb9630289fc6, type: 3}
--- !u!4 &423656146697531208 stripped
Transform:
  m_CorrespondingSourceObject: {fileID: 5950489121287589962, guid: c8c047c183ff4184fb36eb9630289fc6, type: 3}
  m_PrefabInstance: {fileID: 6302017270776168194}
  m_PrefabAsset: {fileID: 0}
--- !u!1001 &9021562181331928373
PrefabInstance:
  m_ObjectHideFlags: 0
  serializedVersion: 2
  m_Modification:
    m_TransformParent: {fileID: 423656147053182370}
    m_Modifications:
    - target: {fileID: 8706062828301278240, guid: 001ba04ef9dee2b4bb306a7ec863d3cb, type: 3}
      propertyPath: m_RootOrder
      value: 0
      objectReference: {fileID: 0}
    - target: {fileID: 8706062828301278240, guid: 001ba04ef9dee2b4bb306a7ec863d3cb, type: 3}
      propertyPath: m_LocalPosition.x
      value: 0
      objectReference: {fileID: 0}
    - target: {fileID: 8706062828301278240, guid: 001ba04ef9dee2b4bb306a7ec863d3cb, type: 3}
      propertyPath: m_LocalPosition.y
      value: 0
      objectReference: {fileID: 0}
    - target: {fileID: 8706062828301278240, guid: 001ba04ef9dee2b4bb306a7ec863d3cb, type: 3}
      propertyPath: m_LocalPosition.z
      value: -4.34
      objectReference: {fileID: 0}
    - target: {fileID: 8706062828301278240, guid: 001ba04ef9dee2b4bb306a7ec863d3cb, type: 3}
      propertyPath: m_LocalRotation.w
      value: 1
      objectReference: {fileID: 0}
    - target: {fileID: 8706062828301278240, guid: 001ba04ef9dee2b4bb306a7ec863d3cb, type: 3}
      propertyPath: m_LocalRotation.x
      value: -0
      objectReference: {fileID: 0}
    - target: {fileID: 8706062828301278240, guid: 001ba04ef9dee2b4bb306a7ec863d3cb, type: 3}
      propertyPath: m_LocalRotation.y
      value: -0
      objectReference: {fileID: 0}
    - target: {fileID: 8706062828301278240, guid: 001ba04ef9dee2b4bb306a7ec863d3cb, type: 3}
      propertyPath: m_LocalRotation.z
      value: -0
      objectReference: {fileID: 0}
    - target: {fileID: 8706062828301278240, guid: 001ba04ef9dee2b4bb306a7ec863d3cb, type: 3}
      propertyPath: m_LocalEulerAnglesHint.x
      value: 0
      objectReference: {fileID: 0}
    - target: {fileID: 8706062828301278240, guid: 001ba04ef9dee2b4bb306a7ec863d3cb, type: 3}
      propertyPath: m_LocalEulerAnglesHint.y
      value: 0
      objectReference: {fileID: 0}
    - target: {fileID: 8706062828301278240, guid: 001ba04ef9dee2b4bb306a7ec863d3cb, type: 3}
      propertyPath: m_LocalEulerAnglesHint.z
      value: 0
      objectReference: {fileID: 0}
    - target: {fileID: 8706062828301278243, guid: 001ba04ef9dee2b4bb306a7ec863d3cb, type: 3}
      propertyPath: m_Name
      value: Plan
      objectReference: {fileID: 0}
    m_RemovedComponents: []
  m_SourcePrefab: {fileID: 100100000, guid: 001ba04ef9dee2b4bb306a7ec863d3cb, type: 3}
--- !u!4 &423656147191470357 stripped
Transform:
  m_CorrespondingSourceObject: {fileID: 8706062828301278240, guid: 001ba04ef9dee2b4bb306a7ec863d3cb, type: 3}
  m_PrefabInstance: {fileID: 9021562181331928373}
  m_PrefabAsset: {fileID: 0}
